
	<record>
		<leader>00000cz  a2200000n  4500</leader>
		<controlfield tag="003">FI-NL</controlfield>
		<controlfield tag="008">800101|n|anznnbabn           | ana      </controlfield>
		<datafield ind1="7" ind2=" " tag="024">
			<subfield code="a">http://www.yso.fi/onto/yso/p100</subfield>
			<subfield code="2">uri</subfield>
		</datafield>
		<datafield ind1=" " ind2=" " tag="040">
			<subfield code="a">FI-NL</subfield>
			<subfield code="b">swe</subfield>
			<subfield code="f">yso</subfield>
		</datafield>
		<datafield ind1=" " ind2=" " tag="065">
			<subfield code="a">73</subfield>
			<subfield code="c">Socialpolitik. Samhällspolitik. Socialskydd. Hälsovård. Boende</subfield>
			<subfield code="0">http://www.yso.fi/onto/yso/p26549</subfield>
			<subfield code="2">yso</subfield>
		</datafield>
		<datafield ind1=" " ind2=" " tag="150">
			<subfield code="a">underhållstrygghet</subfield>
		</datafield>
		<datafield ind1=" " ind2=" " tag="450">
			<subfield code="a">underhåll av barn</subfield>
		</datafield>
		<datafield ind1=" " ind2=" " tag="450">
			<subfield code="a">underhållsskydd</subfield>
		</datafield>
		<datafield ind1=" " ind2=" " tag="550">
			<subfield code="w">g</subfield>
			<subfield code="a">utkomstskydd</subfield>
			<subfield code="0">http://www.yso.fi/onto/yso/p3091</subfield>
		</datafield>
		<datafield ind1=" " ind2=" " tag="550">
			<subfield code="w">n</subfield>
			<subfield code="a">försörjning</subfield>
			<subfield code="0">http://www.yso.fi/onto/yso/p97</subfield>
		</datafield>
		<datafield ind1=" " ind2=" " tag="550">
			<subfield code="w">n</subfield>
			<subfield code="a">underhållsbidrag</subfield>
			<subfield code="0">http://www.yso.fi/onto/yso/p14639</subfield>
		</datafield>
		<datafield ind1=" " ind2=" " tag="550">
			<subfield code="w">n</subfield>
			<subfield code="a">underhållsskyldighet</subfield>
			<subfield code="0">http://www.yso.fi/onto/yso/p99</subfield>
		</datafield>
		<datafield ind1=" " ind2=" " tag="550">
			<subfield code="w">n</subfield>
			<subfield code="a">underhållsstöd</subfield>
			<subfield code="0">http://www.yso.fi/onto/yso/p15745</subfield>
		</datafield>
		<datafield ind1=" " ind2=" " tag="550">
			<subfield code="w">n</subfield>
			<subfield code="a">vårdnad om barn</subfield>
			<subfield code="0">http://www.yso.fi/onto/yso/p98</subfield>
		</datafield>
		<datafield ind1=" " ind2=" " tag="680">
			<subfield code="i">Utkomstskydd baserat på underhållsskyldighet.</subfield>
		</datafield>
		<datafield ind1=" " ind2=" " tag="688">
			<subfield code="a">Senast editerad: 2017-05-10</subfield>
		</datafield>
		<datafield ind1=" " ind2="7" tag="750">
			<subfield code="a">elatusturva</subfield>
			<subfield code="4">EQ</subfield>
			<subfield code="2">yso/fin</subfield>
			<subfield code="0">http://www.yso.fi/onto/yso/p100</subfield>
		</datafield>
		<datafield ind1=" " ind2="7" tag="750">
			<subfield code="a">security of child maintenance</subfield>
			<subfield code="4">EQ</subfield>
			<subfield code="2">yso/eng</subfield>
			<subfield code="0">http://www.yso.fi/onto/yso/p100</subfield>
		</datafield>
	</record>