
	<record>
		<leader>00000cz  a2200000n  4500</leader>
		<controlfield tag="003">FI-NL</controlfield>
		<controlfield tag="008">800101|n|anznnbabn           | ana      </controlfield>
		<datafield ind1="7" ind2=" " tag="024">
			<subfield code="a">http://www.yso.fi/onto/yso/p9998</subfield>
			<subfield code="2">uri</subfield>
		</datafield>
		<datafield ind1=" " ind2=" " tag="040">
			<subfield code="a">FI-NL</subfield>
			<subfield code="b">swe</subfield>
			<subfield code="f">yso</subfield>
		</datafield>
		<datafield ind1=" " ind2=" " tag="065">
			<subfield code="a">75</subfield>
			<subfield code="c">Ekonomi. Nationalekonomi. Företagsekonomi. Handel</subfield>
			<subfield code="0">http://www.yso.fi/onto/yso/p26538</subfield>
			<subfield code="2">yso</subfield>
		</datafield>
		<datafield ind1=" " ind2=" " tag="150">
			<subfield code="a">outsourcing</subfield>
		</datafield>
		<datafield ind1=" " ind2=" " tag="450">
			<subfield code="a">driftsentreprenad</subfield>
		</datafield>
		<datafield ind1=" " ind2=" " tag="450">
			<subfield code="a">externalisering</subfield>
		</datafield>
		<datafield ind1=" " ind2=" " tag="450">
			<subfield code="a">kontraktstillverkning</subfield>
		</datafield>
		<datafield ind1=" " ind2=" " tag="450">
			<subfield code="a">utkontraktering</subfield>
		</datafield>
		<datafield ind1=" " ind2=" " tag="550">
			<subfield code="w">g</subfield>
			<subfield code="a">aktivitet med objekt</subfield>
			<subfield code="0">http://www.yso.fi/onto/yso/p38217</subfield>
		</datafield>
		<datafield ind1=" " ind2=" " tag="688">
			<subfield code="a">Senast editerad: 2018-12-11</subfield>
		</datafield>
		<datafield ind1=" " ind2="7" tag="750">
			<subfield code="a">outsourcing</subfield>
			<subfield code="4">EQ</subfield>
			<subfield code="2">yso/eng</subfield>
			<subfield code="0">http://www.yso.fi/onto/yso/p9998</subfield>
		</datafield>
		<datafield ind1=" " ind2="7" tag="750">
			<subfield code="a">ulkoistaminen</subfield>
			<subfield code="4">EQ</subfield>
			<subfield code="2">yso/fin</subfield>
			<subfield code="0">http://www.yso.fi/onto/yso/p9998</subfield>
		</datafield>
	</record>